<record><leader>00000cas a22000007a 4500</leader><controlfield tag="001">11224153</controlfield><controlfield tag="008">841003d186u18uuohuwr ne      0   a0eng d</controlfield><datafield ind1=" " ind2=" " tag="010"><subfield code="a">sn 84024206 </subfield></datafield><datafield ind1=" " ind2=" " tag="040"><subfield code="a">NPV</subfield><subfield code="b">eng</subfield><subfield code="c">NPV</subfield><subfield code="d">NPU</subfield><subfield code="d">ONP</subfield><subfield code="d">OCLCQ</subfield></datafield><datafield ind1=" " ind2=" " tag="042"><subfield code="a">msc</subfield></datafield><datafield ind1="0" ind2="0" tag="245"><subfield code="a">Portsmouth weekly tribune.</subfield></datafield><datafield ind1="1" ind2="3" tag="246"><subfield code="a">Portsmouth tribune</subfield></datafield><datafield ind1=" " ind2=" " tag="260"><subfield code="a">Portsmouth, Ohio :</subfield><subfield code="b">D. McFarland</subfield></datafield><datafield ind1=" " ind2=" " tag="300"><subfield code="a">v. :</subfield><subfield code="b">ill. (chiefly advertisements) ;</subfield><subfield code="c">64 cm.</subfield></datafield><datafield ind1=" " ind2=" " tag="310"><subfield code="a">Weekly</subfield></datafield><datafield ind1=" " ind2=" " tag="588"><subfield code="a">Description based on: Vol. 23, no. 47 (Nov. 12, 1862).</subfield></datafield><datafield ind1=" " ind2=" " tag="752"><subfield code="a">United States</subfield><subfield code="b">Ohio</subfield><subfield code="c">Scioto</subfield><subfield code="d">Portsmouth.</subfield></datafield><datafield ind1="0" ind2="0" tag="780"><subfield code="t">Weekly Portsmouth tribune</subfield><subfield code="w">(DLC)sn8700075103</subfield></datafield><datafield ind1="0" ind2="7" tag="785"><subfield code="t">Portsmouth tribune (Portsmouth, Ohio : 1872)</subfield><subfield code="w">(DLC)sn8700075104</subfield></datafield></record>